@Book{cstrmc2008,
  title = {Cuenta satélite de turismo: Recomendaciones sobre el marco conceptual},
  author = {{Oranización Mundial de Tursimo}, {Naciones Unidas}, {Comisión Europea} and {Organización de Cooperación y Desarrollo Económico}},
  publisher = {ONU},
  address = {Luxemburgo/Madrid/París/Nueva York},
  year = {2008},
  url = {https://www.e-unwto.org/doi/book/10.18111/9789213612392},
}

@Book{ciiurev3_1,
  title = {Clasificación Industrial Internacional Uniforme de todas las actividades económicas (CIIU), Revisión 3.1},
  author = {{Organización de las Naciones Unidas}},
  publisher = {ONU},
  address = {Nueva York},
  year = {2005},
  url = {https://unstats.un.org/unsd/classifications/Econ/Download/In%20Text/ISIC31_Spanish.pdf},
}

@Book{ciiurev4,
  title = {Clasificación Industrial Internacional Uniforme de todas las actividades económicas (CIIU), Revisión 4},
  author = {{Organización de las Naciones Unidas}},
  publisher = {ONU},
  address = {Nueva York},
  year = {2009},
  url = {https://unstats.un.org/unsd/publication/seriesm/seriesm_4rev4s.pdf},
}

@Book{clanae04,
  title = {Clasificador Nacional de Actividades Económicas 2004 (CLANAE 2004)},
  author = {{INDEC}},
  year = {2004},
  url = {https://www.indec.gob.ar/ftp/cuadros/menusuperior/clasificadores/clanae_2004_19.pdf},
}

@Book{clanae10,
  title = {Clasificador Nacional de Actividades Económicas 2010 (CLANAE 2010)},
  author = {{INDEC}},
  year = {2010},
  url = {https://www.indec.gob.ar/micro_sitios/clanae/index3.asp},
}

@Book{riet2008,
  title = {Recomendaciones internacionales para estadísticas de turismo 2008},
  author = {{Naciones Unidas} y {Organización Mundial del Turismo}},
  publisher = {ONU},
  address = {Madrid/Nueva York},
  year = {2010},
  url = {https://unstats.un.org/unsd/publication/seriesm/seriesm_83rev1s.pdf},
}


@Book{oit2004,
  title = {Introducción a las Estadísticas Laborales de Turismo},
  author = {{Organización Internacional del Trabajo}},
  publisher = {OIT},
  address = {Ginebra},
  year = {2004},
  url = {https://webunwto.s3-eu-west-1.amazonaws.com/imported_images/25994/ilo_b_sp.pdf},
}

@Book{mintur2007,
  title = {El empleo en ramas características del turismo en Argentina},
  author = {{Ministerio de Turismo y Deportes}},
  publisher = {Ministerio de Turismo y Deportes},
  address = {Buenos Aires},
  year = {2007},
  url = {https://www.yvera.tur.ar/estadistica/},
}

@Book{scn2008,
  title = {Sistema de Cuentas Nacionales 2008},
  author = {{Fondo Monteario Internacional},{Comisión Europea},{Organización de Cooperación y Desarrollo Económico},{Naciones Unides} and {Banco Mundial}},
  publisher = {ONU},
  address = {Nueva York},
  year = {2016},
  url = {https://unstats.un.org/unsd/nationalaccount/docs/sna2008spanish.pdf},
}

@Book{oitconferencia14,
  title = {La transición de la economía informal a la economía formal},
  author = {{Oficina Internacional del Trabajo}},
  publisher = {OIT},
  address = {Ginebra},
  year = {2014},
  url = {https://www.ilo.org/wcmsp5/groups/public/---ed_norm/---relconf/documents/meetingdocument/wcms_218350.pdf},
}

@Book{mariscal2005,
  title = {Mercado de trabajo y turismo en Andalucía actividad, ocupación y paro (1990-2003)},
  author = {Mariscal Galeano, Adela},
  publisher = {Consejería de Turismo, Comercio y Deporte},
  address = {Sevilla},
  year = {2005},
  url = {https://datos.bne.es/edicion/bimo0002088698.html},
}